This file was created with JabRef 2.2.
Encoding: MacRoman

@ARTICLE{Oja2000,
  author = {Aapo Hyvärinen and Erkki Oja},
  title = {Independent Component Analysis: Algorithms and Applications},
  journal = {``'Independent Component Analysis: Algorithms and Applications' Neural Netw. 200},
  year = {2000},
  pages = {411-30},
  address = {HUT, Finland},
  editor = {},
  isbn = {},
  publisher = {Neural Networks Research Centre Helsinki University of Technology},
}

@unpublished{puigt2011,
  title = {A Very Short Introduction to Blind Source
Separation},
  publisher = {Foundation for Research and Technology – Hellas Institute of Computer Science},
  year = {2011},
  author = {Matthieu Puigt},
  address = {Heraklion, Crete, Greece},
}

@ARTICLE{izenman2003,
  author = {Alan Julian Izenman},
  title = {What is Independent Component Analysis?},
  publisher = {Temple University},
  year = {2003},

  address = {Philadephlia, PA},
  isbn = {},
}

@MISC{fastICA,
  author = {r J L Marchini <marchini@stats.ox.ac.uk>, C Heaton
<chrisheaton99@yahoo.com> and B D Ripley
<ripley@stats.ox.ac.uk>},
  title = {FastICA Algorithms to Perform ICA and Projection Pursuit},
  month = {June},
  year = {2017},
  date-added = {2017-09-27 6:07:06 -0700},
  date-modified = {2017-09-27 6:09:03 -0700},
  lastchecked = {Sept 27, 2017},
  url = {https://cran.r-project.org/web/packages/fastICA/fastICA.pdf},
}

@MISC{icaR,
  author = {Nathaniel E. Helwig},
  title = {Independent Component Analysis},
  journal = {``Proceedings of'' SIGGRAPH 2000},
  month = {August},
  year = {2015},
  date-added = {2017-09-29 9:07:06 -0700},
  date-modified = {2017-09-29 6:09:03 -0700},
  lastchecked = {Sept 29, 2017},
  url = {https://cran.r-project.org/web/packages/ica/ica.pdf},
}

@MISC{JADE,
  author = {Klaus Nordhausen, Jean-Francois Cardoso, Jari Miettinen, Hannu Oja, Esa Ollila, Sara Taskinen},
  title = {Blind Source Separation Methods Based on Joint Diagonalization
and Some BSS Performance Criteria},
  journal = {N/A},
  month = {January},
  year = {2017},
  date-added = {2017-09-29 9:07:06 -0700},
  date-modified = {2017-09-29 6:09:03 -0700},
  lastchecked = {Oct 16, 2017},
  url = {https://cran.r-project.org/web/packages/JADE/JADE.pdf},
}

@BOOK{Oja2001,
  title = {Independent Component Analysis},
  publisher = {A Wiley Interscience Publication},
  year = {2001},
  author = {Aapo Hyvärinen, Juha Karhunen, and Erkki Oja},
  address = {New York, New York},
  isbn = {978-0471405405},
}

@ARTICLE{@kimmo1998,
  author ={Kimmo Kiviluoto and Erkki Oja},
  title = {Independent Component Analysis for Parallel Financial Time Series},
  publisher = {Laboratory of Computer and Information Science Helsinki University of Technology},
  year = {1998},
  address = {Helsinki, Finland},
}

@MISC{storedata,
  author = {Tableau},
  title = {Sample - Superstore Sales},
  month = {September},
  year = {2017},
  date-added = {2017-09-29 10:07:06 -0700},
  date-modified = {2017-10-14 10:09:03 -0700},
  lastchecked = {October 14, 2017},
  url = {https://community.tableau.com/docs/DOC-1236}
}

@MISC{walmartdata,
  author = {Kaggle/Walmart},
  title = {Walmart Recruiting - Store Sales Forecasting},
  month = {September},
  year = {2017},
  date-added = {2017-09-20 10:07:06 -0700},
  date-modified = {2017-10-14 10:09:03 -0700},
  lastchecked = {October 14, 2017},
  url = {https://www.kaggle.com/c/walmart-recruiting-store-sales-forecasting}
}

@MISC{reedweb2007,
  author = {Reed College},
  title = {LaTeX Your Document},
  month = {March},
  year = {2007},
  date-added = {2007-03-14 10:07:06 -0700},
  date-modified = {2007-03-14 10:09:03 -0700},
  lastchecked = {March 14, 2007},
  url = {http://web.reed.edu/cis/help/LaTeX/index.html}
}

@ARTICLE{cardoso93, 
  author={J. F. Cardoso and A. Souloumiac}, 
  journal={IEE Proceedings F - Radar and Signal Processing}, 
  title={Blind beamforming for non-Gaussian signals}, 
  year={1993}, 
  volume={140}, 
  number={6}, 
  pages={362-370}, 
  doi={10.1049/ip-f-2.1993.0054}, 
  ISSN={0956-375X}, 
  month={Dec},
}
